%%
%% WinShell 3.3.2.6
%% http://www.winshell.org/
%%

% Strings


% Preamble


% BibTeX Entries


@unpublished{AasLin17,
 author   = {Aas, Erik and Linusson, Svante},
 title    = {Continuous multi-line queues and {TASEP}},
 year     = {2017},
 note     = {Preprint, \arxiv{1501.04417v2}},
 url      = {http://arxiv.org/abs/1501.04417v2},
}

@article{Wachs85,
    AUTHOR = {Wachs, Michelle L.},
     TITLE = {Flagged {S}chur functions, {S}chubert polynomials, and
              symmetrizing operators},
   JOURNAL = {J. Combin. Theory Ser. A},
  FJOURNAL = {Journal of Combinatorial Theory. Series A},
    VOLUME = {40},
      YEAR = {1985},
    NUMBER = {2},
     PAGES = {276--289},
      ISSN = {0097-3165},
   MRCLASS = {05A17 (05A15 20C30)},
  MRNUMBER = {814415},
MRREVIEWER = {Dennis Stanton},
       DOI = {10.1016/0097-3165(85)90091-3},
       URL = {http://dx.doi.org/10.1016/0097-3165(85)90091-3},
 }

@book {Stanley-EC2,
    AUTHOR = {Stanley, Richard P.},
     TITLE = {Enumerative combinatorics. {V}ol. 2},
    SERIES = {Cambridge Studies in Advanced Mathematics},
    VOLUME = {62},
      NOTE = {With a foreword by Gian-Carlo Rota and appendix 1 by Sergey
              Fomin},
 PUBLISHER = {Cambridge University Press, Cambridge},
      YEAR = {1999},
     PAGES = {xii+581},
      ISBN = {0-521-56069-1; 0-521-78987-7},
   MRCLASS = {05A15 (05-02 05E05 05E10 68R05)},
  MRNUMBER = {1676282},
MRREVIEWER = {Ira Gessel},
       DOI = {10.1017/CBO9780511609589},
       URL = {http://dx.doi.org/10.1017/CBO9780511609589},
}

@article{AAMP,
    AUTHOR = {Arita, Chikashi and Ayyer, Arvind and Mallick, Kirone and Prolhac, Sylvain},
     TITLE = {Recursive structures in the multispecies {TASEP}},
   JOURNAL = {J. Phys. A},
  FJOURNAL = {Journal of Physics. A. Mathematical and General},
    VOLUME = {44},
      YEAR = {2011},
    NUMBER = {33},
     PAGES = {335004},
       DOI = {10.1088/1751-8113/44/33/335004},
}

@book{Gorodentsev2,
    AUTHOR = {Alexey L. Gorodentsev},
     TITLE = {Algebra II, Textbook for Students of Mathematics},
 PUBLISHER = {Springer},
      YEAR = {2017},
       DOI = {10.1007/978-3-319-50853-5},
      ISBN = {978-3-319-50852-8},
}

@article{vanLeeuwen-dc,
    AUTHOR = {Marc A. A. van Leeuwen},
     TITLE = {Double crystals of binary and integral matrices},
   JOURNAL = {Electronic Journal of Combinatorics},
    VOLUME = {13},
    NUMBER = {1},
     PAGES = {R86},
      YEAR = {2006},
       URL = {http://www.combinatorics.org/ojs/index.php/eljc/article/view/v13i1r86},
  PREPRINT = {http://wwwmathlabo.univ-poitiers.fr/~maavl/pdf/doublecrystals.pdf},
}

@article{DanilovKoshevoy,
     title = {Arrays and the combinatorics of Young tableaux},
    volume = {60},
       ISS = {1468-4829},
       url = {http://dx.doi.org/10.1070/RM2005v060n02ABEH000824},
       DOI = {10.1070/rm2005v060n02abeh000824},
    number = {2},
   journal = {Russian Mathematical Surveys},
 publisher = {Turpion-Moscow Limited},
    author = {Danilov, V I and Koshevoi, G A},
      year = {2005},
     month = {Apr},
     pages = {269–334}
}

